<?xml version="1.0" encoding="UTF-8"?><collection xmlns="http://www.loc.gov/MARC21/slim"><record><leader>00422nam--2200145-i-4500</leader><controlfield tag="001">000028485</controlfield><controlfield tag="002">20161230</controlfield><controlfield tag="005">20161230201037</controlfield><controlfield tag="008">060222s1000------------r-----000-0-eng-d</controlfield><datafield ind1=" " ind2=" " tag="080"><subfield code="a">51(076)</subfield></datafield><datafield ind1=" " ind2=" " tag="100"><subfield code="a">Trandafir, Rodica; Leonte, Alexandru</subfield></datafield><datafield ind1=" " ind2=" " tag="245"><subfield code="a">Culegere de probleme si exercitii de matematica. pt.admiterea in inv.superior</subfield></datafield><datafield ind1=" " ind2=" " tag="260"><subfield code="a">Iasi, Junimea, 1975, 384p</subfield></datafield><datafield ind1=" " ind2=" " tag="852"><subfield code="a">43026</subfield></datafield><datafield ind1=" " ind2=" " tag="CAT"><subfield code="a">Sys</subfield><subfield code="c">20080410</subfield><subfield code="h">115105</subfield></datafield></record></collection>